% % % % % %  
% Thesis'
% % % % % %

@phdthesis{pooser16,
	title  = {The {GlueX} Start Counter and Beam Asymmetry {$\Sigma$} in Single $\pi^{0}$ Photoproduction},	
	school = {Florida International University},
	author = {Pooser, Eric},
	year   = {2016},
}

% % % % % %  
% Websites
% % % % % %

@misc{eljen,
	note = {\url{http://www.eljentechnology.com/}}
}

@misc{mcneal,
	note = {\url{http://www.mcnealplasticmachining.com/}}
}

@misc{rohacell,
	note = {\url{http://www.rohacell.com}}
}

@misc{hamamatsu,
	note = {\url{http://www.hamamatsu.com/us/en/index.html}}	
}

@misc{buehler,
	note = {\url{https://shop.buehler.com/consumables/grinding-polishing/polishing-suspensions/alumina-suspensions}}
}

@misc{caswell,
	note = {\url{http://www.caswellplating.com/buffing-polishing/buffing-wheels/canton-flannel-wheels.html#}}
}

@misc{novus,
	note = {\url{https://www.novuspolish.com/polish_mates.html}}
}

% % % % % % % % % % % 
% Technical Notes 
% % % % % % % % % % %

@manual{ej200_specs,
	title = {General Purpose Plastic Scintillator EJ-200, EJ-204, EJ-208, EJ-212},
	note  = {Technical note available at \url{http://www.eljentechnology.com/images/products/data_sheets/EJ-200_EJ-204_EJ-208_EJ-212.pdf}}
}

@manual{sipm_spec,
	title = {Multi-Pixel Photon Counter},
	note  = {Technical note available at \url{https://halldweb1.jlab.org/wiki/images/4/49/S10362-33_series_kapd1023e05.pdf}}
}

@manual{pooser_st,
	author = {E. Pooser},
	title = {Start Counter Research, Development, Construction, \& Calibration},
	year = {2017},
	month = {April},
	note = {Technical note GlueX-doc-???, available at \url{???}}
}

@manual{nndc_sr90,
	title = {$^{90}Sr$ Decay Radiation Data},
	note = {National Nuclear Data Center, Nuclear Structure and Decay Database (NuDat) available at \url{http://www.nndc.bnl.gov/nudat2/decaysearchdirect.jsp?nuc=90SR&unc=nds}}
}

@manual{nndc_y90,
	title = {$^{90}Y$ Decay Radiation Data},
	note = {National Nuclear Data Center, Nuclear Structure and Decay Database (NuDat) available at \url{http://www.nndc.bnl.gov/nudat2/decaysearchdirect.jsp?nuc=90Y&unc=nds}}
}

% % % % % %  
% Articles
% % % % % %

@article{Dirac1953888,
	title   = "The lorentz transformation and absolute time",
	journal = "Physica ",
	volume  = "19",
	number  = "1-â€“12",
	pages   = "888--896",
	year    = "1953",
	doi     = "10.1016/S0031-8914(53)80099-6",
	author  = "P.A.M. Dirac"
}

